% -----------------------------------------------------------------------
% File: CogSci_Template.bib
% -----------------------------------------------------------------------

% Modified : Eli M. Silk (esilk at pitt.edu)            05/24/2005
% Modified : David Noelle (dnoelle at ucmerced.edu)     11/19/2014


%@InProceedings{ChalnickBillman1988a,
%  author =	 {A. Chalnick and D. Billman},
%  title =	 {Unsupervised learning of correlational structure},
%  booktitle =	 {Proceedings of the Tenth Annual Conference of the
%                  Cognitive Science Society},
%  pages =	 {510--516},
%  year =	 1988,
%  address =	 {Hillsdale, NJ},
%  publisher =	 {Lawrence Erlbaum Associates}
%}
%
%@InCollection{Feigenbaum1963a,
%  author =	 {E. A. Feigenbaum},
%  title =	 {The simulation of verbal learning behavior},
%  booktitle =	 {Computers and thought},
%  publisher =	 {McGraw-Hill},
%  year =	 1963,
%  editor =	 {E. A. Feigenbaum and J. Feldman},
%  address =	 {New York}
%}

@Article{Nathan2012,
  author =	 {M. J. Nathan},
  title =	 {Rethinking formalisms in formal education},
  journal =	 {Educational Psychologist},
  year =	 2012,
  volume =	 47,
  issue = 2,
  pages =	 {125--148}
}

@Article{KoedNath2004,
  author =	 {K. R. Koedinger and M. J. Nathan},
  title =	 {The real story behind story problems: Effects of representations on quantitative reasoning},
  journal =	 {Journal of the Learning Sciences},
  year =	 2004,
  volume =	 13,
  pages =	 {129--164}
}


@Article{Siegler,
	author =	 {R. S. Siegler},
	title =	 {Some general conclusions about children's strategy choice procedures},
	journal =	 {International Journal of Psychology},
	year =	 1987,
	volume = 22,
	pages =	 {729--749}
}

@Article{KoedNath2008,
	author = {K. R. Koedinger and M. W. Alibali and M. J. Nathan},
	title = {Trade-Offs Between Grounded and Abstract Representations: Evidence From Algebra Problem Solving},
	journal = {Cognitive Science},
	year = 2008,
	volume = 32
	pages = {366--397}
}

@Article{Singapore,
	title = "Inhibiting interference from prior knowledge: Arithmetic intrusions in algebra word problem solving ",
	journal = "Learning and Individual Differences ",
	volume = "19",
	number = "2",
	pages = {262--268},
	year = "2009",
	author = "K. H. Khng and K. Lee",
}

@Article{KoedNath2000,
	author = {M.J. Nathan and K. R. Koedinger},
	title = {Teachers' and researchers' beliefs about the development of algebraic reasoning},
	journal = {Journal for Research in Mathematics Education},
	year = 2000,
	volume = 31,
	pages = {168--190}
}

@misc{dippl,
	title = {{The Design and Implementation of Probabilistic Programming Languages}},
	author = {Goodman, Noah D and Stuhlm\"{u}ller, Andreas},
	year = {2014},
	howpublished = {\url{http://dippl.org}},
	note = {Accessed: 2016-11-17}
}

%@TechReport{OhlssonLangley1985a,
%  author =	 {S. Ohlsson and P. Langley},
%  title =	 {Identifying solution paths in cognitive diagnosis},
%  institution =	 {Carnegie Mellon University, The Robotics Institute},
%  year =	 1985,
%  address =	 {Pittsburgh, PA},
%  number =	 {CMU-RI-TR-85-2}
%}
%
%@PhdThesis{Matlock2001,
%  author =	 {Teenie Matlock},
%  title =	 {How real is fictive motion?},
%  school =	 {Psychology Department, University of California,
%                  Santa Cruz},
%  year =	 2001,
%  type =	 {Doctoral dissertation}
%}
%
%@PhdThesis{Lewis1978a,
%  author =	 {C. Lewis},
%  title =	 {Production system models of practice effects},
%  school =	 {Department of Psychology, University of Michigan,
%                  Ann Arbor},
%  year =	 1978,
%  type =	 {Doctoral dissertation}
%}
%
%@Book{NewellSimon1972a,
%  author =	 {A. Newell and H. A. Simon},
%  title =	 {Human problem solving},
%  publisher =	 {Prentice-Hall},
%  year =	 1972,
%  address =	 {Englewood Cliffs, NJ}
%}
%
%@Book{ShragerLangley1990a,
%  editor =	 {J. Shrager and P. Langley},
%  title =	 {Computational models of scientific discovery and
%                  theory formation},
%  publisher =	 {Morgan Kaufmann},
%  year =	 1990,
%  address =	 {San Mateo, CA}
%}

% -----------------------------------------------------------------------
% Document End
% -----------------------------------------------------------------------
